@misc{proximitygame,
    title = {Proximity},
    howpublished = {\url{http://www.newsandentertainment.com/zfproximity.html}},
    note = {Προσπελάστηκε: 29/11/2015},
    key={1}
}
@misc{ab-pruning,
    title = {Alpha–beta pruning},
    howpublished = {\url{https://en.wikipedia.org/wiki/Alpha%E2%80%93beta_pruning}},
    note = {Προσπελάστηκε: 17/01/2016},
    key={4}
}
@misc{minmax,
    title = {Minimax},
    howpublished = {\url{https://en.wikipedia.org/wiki/Minimax}},
    note = {Προσπελάστηκε: 17/01/2016},
    key={2}
}
@misc{depth-first,
    title = {Depth-first search},
    howpublished = {\url{https://en.wikipedia.org/wiki/Depth-first_search}},
    note = {Προσπελάστηκε: 17/01/2016},
    key={3}
}
