@misc{proximitygame,
    title = {Proximity},
    howpublished = {\url{http://www.newsandentertainment.com/zfproximity.html}},
    note = {Accessed: 29/11/2015}
}
@misc{HexGrids,
    title = {Hexagonal Grids},
    author = {Red Blob Games},
    year = {2013},
    howpublished = {\url{http://web.archive.org/web/20080207010024/http://www.808multimedia.com/winnt/kernel.htm}},
    note = {Accessed: 29/11/2015}
}